@book{atkinson1991introduction,
  title={An Introduction to Numerical Analysis},
  author={Atkinson, K.},
  isbn={9780471624899},
  lccn={88301718},
  url={https://books.google.com/books?id=wbCjEAAAQBAJ},
  year={1991},
  publisher={Wiley}
}

@misc{encyclopedianewton,
  title={Newton method},
  author={Yu. A. Kuznetsov},
  isbn={1402006098},
  url={https://encyclopediaofmath.org/index.php?title=Newton_method},
  year={2020}
}

